% Encoding: UTF-8

@Article{SIMONSINGH1999,
    author = {Simon Singh},
    title = {The Code Book: The Evolution of Secrecy from Mary, Queen of Scots to Quantum Cryptography},
    year = {1999}
}

@Article{DIFFIEHELLMAN1976,
    author = {W. Diffie and M. E. Hellman},
    title = {New Directions in Cryptography},
    year = {1976}
}

@article{willemann2005framework,
  title={Framework Java de Apoio ao Desenvolvimento de Aplica{\c{c}}{\~o}es Web com Banco de Dados, utilizando Structs, Tiles e Hibernate},
  author={Willemann, David Pedro and Ibarra, Gustavo Besbetti},
  year={2005}
}


% // TODO - RFC É ARTICLE?
@Article{TLS2008,
    author  = {T. Dierks and E. Rescorla},
    title   = {The Transport Layer Security (TLS) Protocol RFC 5246},
    year    = {2008},
}

@Article{ABRAMSON1991,
  author  = {ABRAMSON, D.},
  title   = {Constructing School Timetables Using Simulated Annealing: Sequential and Parallel Algorithms},
  journal = {Management Science, 37:98-113.},
  year    = {1991},
}

@Article{MVCXEROX,
  author  = {ABRAMSON, D.},
  title   = {Constructing School Timetables Using Simulated Annealing: Sequential and Parallel Algorithms},
  journal = {Management Science, 37:98-113.},
  year    = {1991},
}

% ---------------------------
@MastersThesis{ROCHA2013,
  author = {ROCHA, W. de S.},
  title  = {Algoritmo GRASP para o Problema de Tabela-horário de Universidades},
  school = {Departamento de Informática, Universidade Federal do Espírito Santo, Vitória.},
  year   = {2013},
}

% ---------------------------
@InCollection{CESCHIA2011,
  author    = {CESCHIA, S., GASPERO},
  title     = {Design,engineering, and experimental analysis of a simulated annealing approach to the post-enrolment course timetabling problem},
  booktitle = {Computers \& Operations Research, v. 39, n. 7, p.1615–1624 .},
  year      = {2011},
}

% ---------------------------
@Conference{ELLOUMI2008,
  author    = {ELLOUMI, A.},
  title     = {A tabu search procedure for course timetabling at a tunisian university},
  booktitle = {Proceedings of the 7th PATAT Conference, 2008. [S.l.: s.n.]},
  year      = {2008},
}

% ---------------------------
@InCollection{GLOVER1993,
  author    = {GLOVER, F., TAILLARD, E. and de WERRA, D. . ,},
  title     = {A user’s guide to tabu search},
  booktitle = {Tabu Search, Vol. 41 of Annals of Operations Research, Baltzer Science Publishers, Amsterdan, pp. 3–28.},
  year      = {1993},
}

% ---------------------------
@InBook{SOUZA2004,
  chapter   = {A GRASP-tabu search algorithm for solving school timetabling problems},
  pages     = {659–672},
  title     = {Metaheuristics},
  publisher = {Norwell, MA, USA: Kluwer Academic Publishers},
  year      = {2004},
  author    = {SOUZA, M. J. F.},
}

@InBook{SAMUELLE2004,
  chapter   = {},
  pages     = {137},
  title     = {Mike Meyers’ CompTIA Security+ Certification Passport},
  publisher = {McGraw-Hill Education},
  year      = {2011},
  author    = {T. J. Samuelle},
}

@InBook{YANG2010,
  chapter   = {Introduction of PKI (Public Key Infrastructure)},
  pages     = {},
  title     = {PKI Tutorials - Herong's Tutorial Examples},
  publisher = {},
  year      = {2010},
  author    = {Herong Yang},
}

@Comment{jabref-meta: databaseType:bibtex;}

% ---------------------------

@misc{msc:CERTBR,
  author = {CERT.br},
  title = {Estatísticas dos Incidentes Reportados ao CERT.br},
  year = 2017,
  url = {https://www.cert.br/stats/incidentes/},
  urldate = {17-02-2019}
}

@misc{SEGURANCAINFO,
    author = {Marcio Zapater and Rodrigo Suzuki},
    title = {Segurança da Informação - Um diferencial determinante na
competitividade das corporações},
    year = 2005,
    url = {https://www.teleco.com.br/promon/pbtr/Seguranca_4WEB.pdf},
    Urlaccessdate = {agosto de 2019}
}

@misc{RFC4949, 
  author = {R. Shirey},
  howpublished = {Tools IETF},
  keywords = {rfc 4949},
  Title = {Internet Security Glossary, Version 2},
  url = {https://tools.ietf.org/html/rfc4949},
  Urlaccessdate = {agosto de 2019},
  year = {2007}
}

@misc{FEBRABAN,
  author = {Febraban},
  howpublished = {Portal Febraban},
  keywords = {mobile banking},
  Title= {Febraban - Pesquisa 26ª edição},
  url= {https://portal.febraban.org.br/noticia/3184/pt-br/},
  Urlaccessdate = {20 fev 2019},
  Year = {2018}
}

@book{SOARES1995,
  title={Redes de computadores: das LANS, MANS e WANS as Redes ATM},
  author={Soares, L.F.G. and DE SOUZA FILHO, G.L. and Colcher, S.},
  isbn={9788570019981},
  url={https://books.google.com.br/books?id=4sayGQAACAAJ},
  year={1995},
  publisher={Campus}
}


@misc{LARAVELBRASIL,
    author = {BuildWith},
    howpublished = {Trends Build With},
    keywords = {laravel statistics},
    Title = {Laravel Usage Statistics},
    url = {https://trends.builtwith.com/framework/Laravel},
    Urlaccessdate = {novembro 2019},
    Year = {2019}
}

@misc{ITIRECORD,
  author = {ITI},
  howpublished = {Instituto Nacional de Tecnologia da informação},
  keywords = {icp 2018},
  Title = {ICP-Brasil bate recorde de emissão de certificados digitais em 2018},
  url= {https://www.iti.gov.br/legislacao/17-noticias/indice-de-noticias/2479-icp-brasil-bate-recorde-de-emissao-de-certificados-digitais-em-2018},
  Urlaccessdate = {22 fev 2019},
  year = {2019}
}

@Misc{ICPIBM,
	Author = {IBM},
	Howpublished = {IBM
IBM Knowledge Center},
	Keywords = {icp, ibm},
	Title = {IBM - Infraestrutura da Chave Pública (PKI)},
	Url = {https://www.ibm.com/support/knowledgecenter/pt-br/SSFKSJ_8.0.0/com.ibm.mq.sec.doc/q009900_.htm},
	Urlaccessdate = {19 mai 2019},
	Year = {2019},
}

@Misc{OPENSSL,
  Author = {PHPGROUP},
  Howpublished = {php manual},
  keywords = {php openssl},
  title = {OpenSSL},
  Url = {https://www.php.net/manual/pt_BR/book.openssl.php},
  Urlaccessdate = {20 mai 2019},
  year = {2019}
}

@misc{ICPBR,
  author = {ICP-Brasil},
  howpublished = {Instituto Nacional de Tecnologia da Informação},
  Date-Added = {2017-06-27 18:02:00 +0000},
  Date-Modified = {2019-08-27 15:50:06 +0000},
  Keywords = {icp brasil},
  title = {ICP-Brasil},
  url = {https://www.iti.gov.br/icp-brasil},
  year = {2019},
  Urlaccessdate = {10 jan 2019}
}

@misc{RFC5280,
  author = {D. Cooper},
  howpublished = {IETF Tools},
  Keywords = {rfc5280, X.509},
  title = {Internet X.509 Public Key Infrastructure Certificate and Certificate Revocation List (CRL) Profile},
  url = {https://tools.ietf.org/html/rfc5280},
  year = {2008},
  Urlaccessdate = {20 jan 2019}
}

@misc{RFC1422,
  author = {S. Kentr},
  howpublished = {IETF Tools},
  Keywords = {rfc1422},
  title = {Privacy Enhancement for Internet Electronic Mail: Part II: Certificate-Based Key Management},
  url = {https://tools.ietf.org/html/rfc1422},
  year = {1998},
  Urlaccessdate = {24 jan 2019}
}

@misc{COMPOSER,
  author = {Nils Adermann, Jordi Boggiano},
  howpublished = {getcomposer},
  Keywords = {composer},
  title = {Composer - Getting Started},
  url = {https://getcomposer.org/doc/00-intro.md},
  year = {2019},
  Urlaccessdate = {2 fev 2019}
}

@misc{PSR2,
  author = {S. Kentr},
  howpublished = {php-fig},
  Keywords = {php psr2},
  title = {PSR-2: Coding Style Guide},
  url = {https://www.php-fig.org/psr/psr-2/},
  year = {2018},
  Urlaccessdate = {11 jan 2019}
}

@article{RFC2246,
    author = {T. Dierks},
    howpublished = {IETF Tools},
    Keywords = {TSL, X.509},
    title = {The TLS Protocol Version 1.0},
    url = {https://www.ietf.org/rfc/rfc2246.txt},
    year = {1999},
    Urlaccessdate = {21 jan 2019}
}

@article{CRIPTEDWARD,
    author = {David and Dacêncio and Barros},
    howpublished = {Novatec Editora},
    keywords = {criptografia},
    title = {Criptografia em Software e Hardware},
    url = {http://www.martinsfontespaulista.com.br/anexos/produtos/capitulos/143116.pdf}
}

@book{SCHN2015,
  title={Applied Cryptography: Protocols, Algorithms, and Source Code in C},
  author={Schneier, B.},
  isbn={9781119183471},
  url={https://books.google.com.br/books?id=01vfjgEACAAJ},
  year={2015},
  publisher={John Wiley \& Sons}
}

@article{JOSE2004,
    author = {José Manuel Ramírez Nunez},
    howpublished = {Projetos UFSC},
    title = {IBE Aplicado à Criptografia Temporal},
    url = {https://projetos.inf.ufsc.br/arquivos_projetos/projeto_118/TCC.pdf},
    year = {2004}
}

@article{RFC2459,
    author = {R. Housley},
    howpublished = {IETF Tools},
    Keywords = {X.509, RFC2459},
    title = {Internet X.509 Public Key Infrastructure Certificate and CRL Profile},
    url = {https://www.ietf.org/rfc/rfc2459.txt},
    year = {1999},
    Urlaccessdate = {25 jan 2019}
}

% ---- IMGS
@misc{IMGA3CERT,
  author = {Kharitonov},
  howpublished = {Wikimedia},
  Keywords = {Certificado a3},
  title = {EToken\_PRO\_USB},
  url = {https://commons.wikimedia.org/wiki/File:EToken_PRO_USB.jpg},
  year = {2009},
  Urlaccessdate = {12 fev 2019}
}

@phdthesis{DIEGOARANHA2007,
  author = {Aranha, Diego},
  year = {2007},
  month = {04},
  pages = {68},
  title = {Serviço de nomes e roteamento para redes de anonimização de tráfego}
}

@misc{W3TECHSPHP,
  author = {W3Techs},
  howpublished = {Web technology Surveys},
  keywords = {php use},
  title = {Usage statistics of PHP for websites},
  url = {veysvw3techs.com/technologies/details/pl-php/all/all},
  year = {2019},
  Urlaccessdate = {16 out 2019}
}

@book{STALLINGS2014,
  title={Criptografia e Segurança de Redes: Princípios e Práticas},
  author={Stallings, W.},
  isbn=8543005892,
  year=2014,
  publisher={Pearson Universidades; Edição: 6 (19 de dezembro de 2014)}
}

@misc{SEBRAE,
author={SEBRAE},
title={Entenda o impacto da pandemia no setor de eventos: Pesquisa realizada pelo Sebrae mostra como a crise tem afetado o segmento. Saiba mais sobre o reflexo da pandemia nas atividades econômicas},
url={https://www.sebrae.com.br/sites/PortalSebrae/artigos/entenda-o-impacto-da-pandemia-no-setor-de-eventos,424ba538c1be1710VgnVCM1000004c00 210aRCRD},
Urlaccessdate = {27 jun 2021},
year={2020},
}

@book{LOCKHART,
  title={Modern PHP},
  author={Josh Lockhart},
  isbn=1491905182,
  year=2015,
  publisher={O'Reilly Media, Inc},
  address={Sebastopol}
}

@book{STAUFFER,
title={Laravel: a Framework for Building Modern PHP Apps},
author={Matt Stauffer},
isbn={9781492041214},
year={2019},
publisher={O'Reilly Media, Inc; 2nd. ed.},
address={Sebastopol}
}

@book{HEUSER,
title={Projeto de Banco de Dados},
author={Carlos Alberto Heuser},
isbn={9788577804528},
year={2009},
publisher={Bookman; 6ª edição},
addres={Porto Alegre}
}

@book{FLANAGAN,
title={JavaScript: O guia definitivo},
author={David Flanagan},
isbn={9788565837194},
year={2013},
publisher={Bookman; 6ª edição},
addres={Porto Alegre}
}

@book{SPURLOCK,
title={Bootstrap: Responsive Web Development},
author={Jake Spurlock},
isbn={9781449343910},
year={2013},
publisher={O'Reilly Media, Inc},
address={Sebastopol}
}

@book{CHERNY,
title={Programming TypeScript},
author={Boris Cherny},
isbn={9781492037651},
year={2019},
publisher={O'Reilly Media, Inc; 1. ed.},
address={Sebastopol}
}

@book{ZAMMETTI,
title={Modern Full-Stack Development: Using TypeScript, React, Node.js, Webpack, and Docker},
author={Frank Zammetti},
isbn={9781484257388},
year={2020},
publisher={Apress},
address={New York}
}

@book{KONSHIN,
title={Next.js Quick Start Guide: Server-side rendering done right},
author={Kirill Konshin},
isbn={9781788995849.57388},
year={2018},
publisher={Packt Publishing},
address={Birmingham}
}

@book{SANTACROCE,
title={Git Essentials},
author={Ferdinando Santacroce},
isbn={1785287907},
year={2015},
publisher={Packt Publishing},
address={Birmingham}
}

@book{SOMMERVILE,
title={Engenharia de software},
author={Ian Sommervile},
isbn={9788579361081},
year={2011},
publisher={Pearson Universidades; 9ª Edição},
address={São Paulo}
}

@misc{VERCEL,
  author={VERCEL},
  howpublished = {vercelnextjs},
  Keywords = {vercel},
  title = {Documentation - Getting Started},
  url = {https://nextjs.org/docs},
  year = {2022},
  Urlaccessdate = {1 fev 2022}
}

@misc{HEROKU,
  author={heroku},
  howpublished = {heroku},
  Keywords = {heroku},
  title = {Documentation - Getting Started},
  url = {https://devcenter.heroku.com/categories/reference},
  year = {2022},
  Urlaccessdate = {2 fev 2022}
}
@misc{FEIRA,
    author={REDAÇÃO FEIRAS DO BRASIL},
    keywords={eventos online},
    title = {Eventos: Presencial x Online},
    url = {http://www.feirasdobrasil.com.br/revista.asp?area=assuntos&codigo =856},
    year = {2021},
   Urlaccessdate = {5 mai 2021}
}
@misc{FIREBASE,
    author={firebase},
    howpublished = {firebase},
    title = {Documentação},
    url={https://firebase.google.com/docs?hl=pt},
    year={2022},
    Urlaccessdate = {4 fev 2022}
}
@book{PRESSMAN,
title={Engenharia de software},
author={Roger Pressman},
isbn={9788580550443},
year={2011},
publisher={AMGH Editoras; 7ª Edição},
address={New York}
}

@book{BEZERRA,
title={Princípios de Análise e Projeto de Sistemas com UML},
author={Eduardo Bezerra},
isbn={9788535216967},
year={2007},
publisher={Campus; 2ª Edição},
address={Rio de Janeiro}
}
@misc{MOZILA,
  author={{MDN contributors}},
  howpublished = {MDN Web Docs},
  Keywords = {responsive design},
  title = {Design Responsivo},
  url = {https://developer.mozilla.org/pt-BR/docs/Learn/CSS/CSS_layout/Responsive_Design},
  year = {2022},
  Urlaccessdate = {5 mai 2022}
}
@misc{HTTP,
    author={{MDN contributors}},
    howpublished = {MDN Web Docs},
    title = {Uma visão geral do HTTP},
    keywords={HTTP, API},
    url={https://developer.mozilla.org/pt-BR/docs/Web/HTTP/Overview},
    year = {2022},
    Urlaccessdate = {5 jun 2022}
}
@misc{BEECODE,
    author={Jackson Pires},
    howpublished = {Website},
    title = {O que é API? REST e RESTful? Conheça as definições e diferenças!},
    keywords={HTTP, API},
    url={https://becode.com.br/o-que-e-api-rest-e-restful/},
    year = {2017},
    Urlaccessdate = {6 jun 2022}
}

@misc{IPSENSE,
    author={{IPSENSE}},
    howpublished = {Website},
    title = {Entenda a importância do versionamento de software},
    keywords={Versionamento},
    url={https://www.ipsense.com.br/blog/entenda-a-importancia-do-versionamento-de-software/},
    year = {2020},
    Urlaccessdate = {6 jun 2022}
}

@misc{SOMOSTERA,
    url={https://blog.somostera.com/data-science/versionamento},
    author={Gabriel Sacramento},
    howpublished = {Website},
    title = {Versionamento de código e de software: entenda cada processo},
    keywords={Versionamento},
    year = {2021},
    Urlaccessdate = {7 jun 2022}
}

@book{DUCKETT,
    title={HTML \& CSS Design and Build Websites},
    author={Jon Duckett},
    isbn={9781118008188},
    year={2011},
    publisher={John Wiley \& Sons, Inc.},
    address={Indianapolis}
}
@book{ROBBINS,
title={LEARNING WEB DESIGN},
author={Jennifer Niederst Robbins},
isbn={978-1-491-96020-2},
year={2018},
publisher={O'Reilly Media, Inc.},
address={Sebastopol}
}
@misc{TYPESCRIPT,
    url={https://www.typescriptlang.org/docs/},
    author={Microsoft},
    howpublished = {Website},
    title = {TypeScript Documentation},
    keywords={Typescipt},
    year = {2022},
    Urlaccessdate = {8 jun 2022}
}
@misc{STATISTICS,
url={https://statisticsanddata.org/data/most-popular-backend-frameworks-2012-2021/},
    author={{Statistics and Data}},
    howpublished = {Website},
    title = {Most Popular Backend Frameworks – 2012/2021 – New Update},
    keywords={Backend Frameworks},
    year = {2021},
    Urlaccessdate = {4 fev 2022}
}
@misc{SOUTO,
    url={https://www.alura.com.br/artigos/o-que-e-front-end-e-back-end},
    author={Mario Souto},
    howpublished = {Website},
    title = {O que é front-end e back-end?},
    keywords={frontend,backend},
    year = {2019},
    Urlaccessdate = {1 jul 2022}
}

@misc{DIAS,
url={https://medium.com/contexto-delimitado/o-processo-unificado-d102b1fc9d00},
author={Ricardo Dias},
 howpublished = {Website},
title = {O Processo Unificado},
keywords={processo unificado},
year = {2019},
Urlaccessdate = {10 ago 2022}
}

@misc{TOTVS,
url={https://www.totvs.com/blog/developers/back-end/},
author={TOTVS},
howpublished = {Website},
title = {O que é back-end e qual seu papel na programação?},
keywords={backend},
year = {2020},
Urlaccessdate = {10 ago 2022}
}
@misc{NOLLE,
url={https://www.techtarget.com/searchapparchitecture/definition/reactive-programming},
author = {Tom Nolle},
howpublished = {Website},
title = {What is reactive programming?},
keywords={reactive programming},
year = {2021},
Urlaccessdate = {10 ago 2022}
}

@misc{CLOUDZERO,
url={https://www.cloudzero.com/blog/horizontal-vs-vertical-scaling},
author = {{CLOUDZERO}},
howpublished = {Website},
title = {Horizontal Vs. Vertical Scaling: How Do They Compare?},
keywords={horizontal and vertical scaling},
year = {2021},
Urlaccessdate = {11 ago 2022}
}

@book{COULOURIS,
title={Sistemas Distribuídos: conceitos e projetos},
author={George Coulouris and Jean Dollimore and Tim Kindberg and Gordon Blair},
isbn={9788582600535},
year={2013},
publisher={Bookman},
address={Porto Alegre}
}

@misc{UX,
title={User Experience (UX) Design},
subtitle={What is User Experience (UX) Design?},
author={{INTERACTION DESIGN FOUNDATION}},
year={S.D},
howpublished = {Website},
url={https://www.interaction-design.org/literature/topics/ux-design},
Urlaccessdate={12 ago 2022}
}

@misc{SEBRAEUX,
url={https://bibliotecas.sebrae.com.br/chronus/ARQUIVOS_CHRONUS/bds/bds.nsf/6f47c91e556bb2f56e3ab1eb06a26d3a/\$File/30717.pdf},
author = {SEBRAE},
howpublished = {Website},
title = {TUDO QUE VOCÊ PRECISA SABER SOBRE MÉTRICAS DE UX},
year = {2021},
Urlaccessdate = {20 set 2022}
}

@misc{NORMAN,
url={https://www.nngroup.com/articles/definition-user-experience/},
author = {Don Norman and Jakob Nielsen},
howpublished = {Website},
title = {The Definition of User Experience (UX)},
year = {S.D},
Urlaccessdate = {8 set 2022}
}

@misc{WAZLAWICK,
url={https://professorleomir.files.wordpress.com/2012/09/material-de-apoio-casos-de-uso-expandidos1.pdf},
author={Raul Sidnei Wazlawick},
year={2010},
howpublished={Website},
Urlaccessdate = {8 set 2022}
}